<?xml version="1.0" encoding="UTF-8"?><collection xmlns="http://www.loc.gov/MARC21/slim"><record><leader>00449nam--2200145-i-4500</leader><controlfield tag="001">000033165</controlfield><controlfield tag="002">20161230</controlfield><controlfield tag="005">20161230201039</controlfield><controlfield tag="008">060222s1000------------r-----000-0-eng-d</controlfield><datafield ind1=" " ind2=" " tag="080"><subfield code="a">658.5</subfield></datafield><datafield ind1=" " ind2=" " tag="100"><subfield code="a">Mihut, Marin</subfield></datafield><datafield ind1=" " ind2=" " tag="245"><subfield code="a">Controlul, functie de baza a conducerii si influenta lui asupra rezulatelor in munca</subfield></datafield><datafield ind1=" " ind2=" " tag="260"><subfield code="a">Bucuresti, Inst.Nat.De Inf.Si Documentare, 1979. 73p</subfield></datafield><datafield ind1=" " ind2=" " tag="490"><subfield code="a">Colectia Probleme Ale Conducerii Moderne</subfield></datafield><datafield ind1=" " ind2=" " tag="852"><subfield code="a">46093</subfield></datafield></record></collection>